<?xml version="1.0" encoding="UTF-8"?>
  <record xmlns="http://www.loc.gov/MARC21/slim" type="Authority">
    <leader>00000nz  a2200000nc 4500</leader>
    <controlfield tag="001">12959203X</controlfield>
    <controlfield tag="003">DE-101</controlfield>
    <controlfield tag="005">20190314104713.0</controlfield>
    <controlfield tag="008">041130n||azznnaabn           | aaa    |c</controlfield>
    <datafield tag="024" ind1="7" ind2=" ">
      <subfield code="a">12959203X</subfield>
      <subfield code="0">http://d-nb.info/gnd/12959203X</subfield>
      <subfield code="2">gnd</subfield>
    </datafield>
    <datafield tag="035" ind1=" " ind2=" ">
      <subfield code="a">(DE-101)12959203X</subfield>
    </datafield>
    <datafield tag="035" ind1=" " ind2=" ">
      <subfield code="a">(DE-588)12959203X</subfield>
    </datafield>
    <datafield tag="035" ind1=" " ind2=" ">
      <subfield code="z">(DE-588a)12959203X</subfield>
      <subfield code="9">v:zg</subfield>
    </datafield>
    <datafield tag="035" ind1=" " ind2=" ">
      <subfield code="z">(DE-588c)7725218-4</subfield>
      <subfield code="9">v:zg</subfield>
    </datafield>
    <datafield tag="040" ind1=" " ind2=" ">
      <subfield code="a">DE-1</subfield>
      <subfield code="c">DE-1</subfield>
      <subfield code="9">r:DE-1</subfield>
      <subfield code="b">ger</subfield>
      <subfield code="d">1601</subfield>
    </datafield>
    <datafield tag="042" ind1=" " ind2=" ">
      <subfield code="a">gnd1</subfield>
    </datafield>
    <datafield tag="043" ind1=" " ind2=" ">
      <subfield code="c">XA-IT</subfield>
    </datafield>
    <datafield tag="065" ind1=" " ind2=" ">
      <subfield code="a">3.6p</subfield>
      <subfield code="2">sswd</subfield>
    </datafield>
    <datafield tag="075" ind1=" " ind2=" ">
      <subfield code="b">p</subfield>
      <subfield code="2">gndgen</subfield>
    </datafield>
    <datafield tag="075" ind1=" " ind2=" ">
      <subfield code="b">piz</subfield>
      <subfield code="2">gndspec</subfield>
    </datafield>
    <datafield tag="079" ind1=" " ind2=" ">
      <subfield code="a">g</subfield>
      <subfield code="q">a</subfield>
      <subfield code="q">f</subfield>
      <subfield code="q">s</subfield>
    </datafield>
    <datafield tag="100" ind1="0" ind2=" ">
      <subfield code="a">Christoph</subfield>
      <subfield code="c">Brixen, Bischof</subfield>
      <subfield code="d">1512-1578</subfield>
    </datafield>
    <datafield tag="375" ind1=" " ind2=" ">
      <subfield code="a">1</subfield>
      <subfield code="2">iso5218</subfield>
    </datafield>
    <datafield tag="400" ind1="1" ind2=" ">
      <subfield code="9">L:fre</subfield>
      <subfield code="a">Madruzzo, Cristoforo &#152;di&#156;</subfield>
      <subfield code="c">Cardinal</subfield>
      <subfield code="d">1512-1578</subfield>
      <subfield code="5">CH-GND</subfield>
    </datafield>
    <datafield tag="400" ind1="1" ind2=" ">
      <subfield code="9">L:eng</subfield>
      <subfield code="a">Madruzzo, Cristoforo &#152;di&#156;</subfield>
      <subfield code="c">Cardinal</subfield>
      <subfield code="d">1512-1578</subfield>
      <subfield code="5">CH-GND</subfield>
    </datafield>
    <datafield tag="400" ind1="1" ind2=" ">
      <subfield code="a">Madrutsch, Christoph &#152;von&#156;</subfield>
      <subfield code="d">1512-1578</subfield>
    </datafield>
    <datafield tag="400" ind1="1" ind2=" ">
      <subfield code="a">Madruzzo, Cristoforo</subfield>
      <subfield code="d">1512-1578</subfield>
      <subfield code="9">v:LCAuth; WBI</subfield>
    </datafield>
    <datafield tag="400" ind1="1" ind2=" ">
      <subfield code="a">Madruzzo, Cristoforo &#152;di&#156;</subfield>
      <subfield code="d">1512-1578</subfield>
    </datafield>
    <datafield tag="400" ind1="1" ind2=" ">
      <subfield code="a">Madrucius, Christophorus</subfield>
      <subfield code="d">1512-1578</subfield>
    </datafield>
    <datafield tag="400" ind1="1" ind2=" ">
      <subfield code="a">Madruccius, Christophorus</subfield>
      <subfield code="d">1512-1578</subfield>
    </datafield>
    <datafield tag="400" ind1="1" ind2=" ">
      <subfield code="a">Madruzzo, Christoph &#152;von&#156;</subfield>
      <subfield code="d">1512-1578</subfield>
    </datafield>
    <datafield tag="400" ind1="1" ind2=" ">
      <subfield code="a">Madrutz, Christoph &#152;von&#156;</subfield>
      <subfield code="d">1512-1578</subfield>
    </datafield>
    <datafield tag="400" ind1="0" ind2=" ">
      <subfield code="a">Cristoforo</subfield>
      <subfield code="c">Bressanone, vescovo</subfield>
      <subfield code="d">1512-1578</subfield>
    </datafield>
    <datafield tag="400" ind1="1" ind2=" ">
      <subfield code="a">Madruzzo, Cristoforo &#152;di&#156;</subfield>
      <subfield code="c">Kardinal</subfield>
      <subfield code="d">1512-1578</subfield>
    </datafield>
    <datafield tag="400" ind1="1" ind2=" ">
      <subfield code="a">Madruzzo, Christoph &#152;von&#156;</subfield>
      <subfield code="c">Kardinal</subfield>
      <subfield code="d">1512-1578</subfield>
    </datafield>
    <datafield tag="400" ind1="1" ind2=" ">
      <subfield code="a">Madruzzo, Christoph &#152;von&#156;</subfield>
      <subfield code="c">Cardinal</subfield>
      <subfield code="d">1512-1578</subfield>
    </datafield>
    <datafield tag="400" ind1="1" ind2=" ">
      <subfield code="a">Madruzzi, Cristoforo &#152;di&#156;</subfield>
      <subfield code="c">Kardinal</subfield>
      <subfield code="d">1512-1578</subfield>
    </datafield>
    <datafield tag="400" ind1="1" ind2=" ">
      <subfield code="a">Madruzzi, Cristoforo &#152;di&#156;</subfield>
      <subfield code="c">Cardinal</subfield>
      <subfield code="d">1512-1578</subfield>
    </datafield>
    <datafield tag="400" ind1="1" ind2=" ">
      <subfield code="a">Madrucius, Christophorus</subfield>
      <subfield code="c">Kardinal</subfield>
      <subfield code="d">1512-1578</subfield>
    </datafield>
    <datafield tag="400" ind1="1" ind2=" ">
      <subfield code="a">Madrucius, Christophorus</subfield>
      <subfield code="c">Cardinal</subfield>
      <subfield code="d">1512-1578</subfield>
    </datafield>
    <datafield tag="400" ind1="1" ind2=" ">
      <subfield code="a">Madruccius, Christophorus</subfield>
      <subfield code="c">Kardinal</subfield>
      <subfield code="d">1512-1578</subfield>
    </datafield>
    <datafield tag="400" ind1="1" ind2=" ">
      <subfield code="a">Madruccius, Christophorus</subfield>
      <subfield code="c">Cardinal</subfield>
      <subfield code="d">1512-1578</subfield>
    </datafield>
    <datafield tag="400" ind1="1" ind2=" ">
      <subfield code="a">Madrutius, Christophorus</subfield>
      <subfield code="c">Kardinal</subfield>
      <subfield code="d">1512-1578</subfield>
    </datafield>
    <datafield tag="400" ind1="1" ind2=" ">
      <subfield code="a">Madrutius, Christophorus</subfield>
      <subfield code="c">Cardinal</subfield>
      <subfield code="d">1512-1578</subfield>
    </datafield>
    <datafield tag="400" ind1="1" ind2=" ">
      <subfield code="a">Madrucci, Cristoforo</subfield>
      <subfield code="c">Kardinal</subfield>
      <subfield code="d">1512-1578</subfield>
    </datafield>
    <datafield tag="400" ind1="1" ind2=" ">
      <subfield code="a">Madrucci, Cristoforo</subfield>
      <subfield code="c">Cardinal</subfield>
      <subfield code="d">1512-1578</subfield>
    </datafield>
    <datafield tag="400" ind1="1" ind2=" ">
      <subfield code="a">Madruccio, Cristoforo</subfield>
      <subfield code="c">Kardinal</subfield>
      <subfield code="d">1512-1578</subfield>
    </datafield>
    <datafield tag="400" ind1="1" ind2=" ">
      <subfield code="a">Madruccio, Cristoforo</subfield>
      <subfield code="c">Cardinal</subfield>
      <subfield code="d">1512-1578</subfield>
    </datafield>
    <datafield tag="400" ind1="1" ind2=" ">
      <subfield code="a">Madrutsch, Christoph &#152;von&#156;</subfield>
      <subfield code="c">Kardinal</subfield>
      <subfield code="d">1512-1578</subfield>
    </datafield>
    <datafield tag="400" ind1="1" ind2=" ">
      <subfield code="a">Madrutsch, Christoph &#152;von&#156;</subfield>
      <subfield code="c">Cardinal</subfield>
      <subfield code="d">1512-1578</subfield>
    </datafield>
    <datafield tag="400" ind1="1" ind2=" ">
      <subfield code="a">Madrutz, Christoph &#152;von&#156;</subfield>
      <subfield code="c">Kardinal</subfield>
      <subfield code="d">1512-1578</subfield>
    </datafield>
    <datafield tag="400" ind1="1" ind2=" ">
      <subfield code="a">Madrutz, Christoph &#152;von&#156;</subfield>
      <subfield code="c">Cardinal</subfield>
      <subfield code="d">1512-1578</subfield>
    </datafield>
    <datafield tag="400" ind1="1" ind2=" ">
      <subfield code="a">Madruso, Christophorus &#152;de&#156;</subfield>
      <subfield code="c">Kardinal</subfield>
      <subfield code="d">1512-1578</subfield>
    </datafield>
    <datafield tag="400" ind1="1" ind2=" ">
      <subfield code="a">Madruso, Christophorus &#152;de&#156;</subfield>
      <subfield code="c">Cardinal</subfield>
      <subfield code="d">1512-1578</subfield>
    </datafield>
    <datafield tag="548" ind1=" " ind2=" ">
      <subfield code="a">1512-1578</subfield>
      <subfield code="4">datl</subfield>
      <subfield code="4">https://d-nb.info/standards/elementset/gnd#dateOfBirthAndDeath</subfield>
      <subfield code="w">r</subfield>
      <subfield code="i">Lebensdaten</subfield>
    </datafield>
    <datafield tag="550" ind1=" " ind2=" ">
      <subfield code="0">(DE-101)040069494</subfield>
      <subfield code="0">(DE-588)4006949-7</subfield>
      <subfield code="0">https://d-nb.info/gnd/4006949-7</subfield>
      <subfield code="a">Bischof</subfield>
      <subfield code="4">berc</subfield>
      <subfield code="4">https://d-nb.info/standards/elementset/gnd#professionOrOccupation</subfield>
      <subfield code="w">r</subfield>
      <subfield code="i">Charakteristischer Beruf</subfield>
    </datafield>
    <datafield tag="550" ind1=" " ind2=" ">
      <subfield code="0">(DE-101)04163313X</subfield>
      <subfield code="0">(DE-588)4163313-1</subfield>
      <subfield code="0">https://d-nb.info/gnd/4163313-1</subfield>
      <subfield code="a">Kardinal</subfield>
      <subfield code="4">beru</subfield>
      <subfield code="4">https://d-nb.info/standards/elementset/gnd#professionOrOccupation</subfield>
      <subfield code="w">r</subfield>
      <subfield code="i">Beruf</subfield>
    </datafield>
    <datafield tag="667" ind1=" " ind2=" ">
      <subfield code="a">VD-17</subfield>
    </datafield>
    <datafield tag="667" ind1=" " ind2=" ">
      <subfield code="a">RAK § 341a</subfield>
    </datafield>
    <datafield tag="667" ind1=" " ind2=" ">
      <subfield code="a">Kommentare BIB-Oechslin: weitere biogr. Angaben: Bischof von Trient und Brixen/Bressanone; Fürstbischof. - Hauptvariante abweichend gemäss Gemeinsame Normdatei (Ansetzung als Fürstbischof): Christoph, Bischof von Brixen, 1512-1578. - Info aus Gemeinsame Normdatei; CERL Thesaurus; Catholic-Hierarchy; Biblioteca Digitale Italiana Cataloghi Storici Digitalizzati (http://cataloghistorici.bdi.sbn.it/file_viewer.php?IDIMG=60187&amp;IDCAT=10&amp;IDGRP=100039&amp;LEVEL=&amp;PADRE=&amp;PROV=INT)</subfield>
      <subfield code="5">CH-ZuETHN</subfield>
    </datafield>
    <datafield tag="670" ind1=" " ind2=" ">
      <subfield code="a">NDB; Archivio Biografico Italiano II S 49,112-126; III 245,159-171</subfield>
    </datafield>
    <datafield tag="672" ind1=" " ind2="0">
      <subfield code="a">Quetta, Antonio: Centum Consilia circa ius publicum &amp; privatum</subfield>
      <subfield code="f">1609</subfield>
    </datafield>
    <datafield tag="678" ind1=" " ind2=" ">
      <subfield code="b">Bischof von Trient und Brixen; Kardinal und Fürstbischof; offenbar war er Besitzer einer Druckerei in Riva di Trento</subfield>
    </datafield>
    <datafield tag="913" ind1=" " ind2=" ">
      <subfield code="S">pnd</subfield>
      <subfield code="i">5</subfield>
      <subfield code="a">Christoph &lt;Brixen, Bischof&gt;</subfield>
      <subfield code="0">(DE-588a)12959203X</subfield>
    </datafield>
  </record>
